<?xml version="1.0" encoding="UTF-8"?><collection xmlns="http://www.loc.gov/MARC21/slim"><record><leader>00562nam--2200169-u-4500</leader><controlfield tag="001">000054892</controlfield><controlfield tag="002">20161230</controlfield><controlfield tag="005">20161230201051</controlfield><controlfield tag="008">120626s1000------------r-----000-0-eng-d</controlfield><datafield ind1=" " ind2=" " tag="040"><subfield code="a">IFIN-HH</subfield></datafield><datafield ind1=" " ind2=" " tag="080"><subfield code="a">539.17(061.3)</subfield></datafield><datafield ind1="1" ind2=" " tag="100"><subfield code="a">Zipf, Martha C</subfield></datafield><datafield ind1="1" ind2="0" tag="245"><subfield code="a">Deep hadronic structure and the new particles</subfield><subfield code="b">Proceedings of summer institute of particle physics july 21-31, 1975, slac report no. 191</subfield><subfield code="c">Martha c. zipf (ed.)</subfield></datafield><datafield ind1=" " ind2=" " tag="260"><subfield code="a">Stanford, California</subfield><subfield code="b">Stanford University</subfield><subfield code="c">1975</subfield></datafield><datafield ind1=" " ind2=" " tag="300"><subfield code="a">437P</subfield></datafield><datafield ind1=" " ind2=" " tag="852"><subfield code="a">78966</subfield><subfield code="c">539.17</subfield></datafield><datafield ind1=" " ind2=" " tag="CAT"><subfield code="a">Sys</subfield><subfield code="c">20120626</subfield><subfield code="h">163652</subfield></datafield></record></collection>